<record><leader>00000cas a22000007a 4500</leader><controlfield tag="001">19992906</controlfield><controlfield tag="008">890711d19111921mouwr ne      0    0eng d</controlfield><datafield ind1=" " ind2=" " tag="010"><subfield code="a">sn 89066803 </subfield></datafield><datafield ind1=" " ind2=" " tag="040"><subfield code="a">MQN</subfield><subfield code="b">eng</subfield><subfield code="c">MQN</subfield><subfield code="d">OCLCQ</subfield></datafield><datafield ind1=" " ind2=" " tag="042"><subfield code="a">msc</subfield></datafield><datafield ind1="0" ind2="0" tag="245"><subfield code="a">Scott County banner.</subfield></datafield><datafield ind1=" " ind2=" " tag="260"><subfield code="a">Morley, Mo. :</subfield><subfield code="b">J.W. Coleman,</subfield><subfield code="c">-1921.</subfield></datafield><datafield ind1=" " ind2=" " tag="300"><subfield code="a">v.</subfield></datafield><datafield ind1=" " ind2=" " tag="310"><subfield code="a">Weekly</subfield></datafield><datafield ind1="1" ind2=" " tag="362"><subfield code="a">Began in 1911?</subfield></datafield><datafield ind1="0" ind2=" " tag="362"><subfield code="a">-v. 17, no. 28 (Aug. 4, 1921).</subfield></datafield><datafield ind1=" " ind2=" " tag="588"><subfield code="a">Description based on: Vol. 9, no. 50 (Jan. 1, 1914).</subfield></datafield><datafield ind1=" " ind2=" " tag="752"><subfield code="a">United States</subfield><subfield code="b">Missouri</subfield><subfield code="c">Scott</subfield><subfield code="d">Morley.</subfield></datafield><datafield ind1="0" ind2="0" tag="780"><subfield code="t">Scott County citizen</subfield><subfield code="w">(DLC)sn 89066799</subfield></datafield></record>